<?xml version="1.0" encoding="UTF-8"?><collection xmlns="http://www.loc.gov/MARC21/slim"><record><leader>00390nam--2200133-i-4500</leader><controlfield tag="001">000001246</controlfield><controlfield tag="002">20161230</controlfield><controlfield tag="005">20161230201024</controlfield><controlfield tag="008">060222s1000------------r-----000-0-eng-d</controlfield><datafield ind1=" " ind2=" " tag="100"><subfield code="a">Hengstebeck, R.J</subfield></datafield><datafield ind1=" " ind2=" " tag="245"><subfield code="a">Distillation.principles and design procedures</subfield></datafield><datafield ind1=" " ind2=" " tag="260"><subfield code="a">New York, Reinhold Publishing Corp., 1961. Xiv + 365 P</subfield></datafield><datafield ind1=" " ind2=" " tag="490"><subfield code="a">Reinhold Chemical Engineering Series</subfield></datafield><datafield ind1=" " ind2=" " tag="852"><subfield code="a">17275</subfield></datafield></record></collection>